<?xml version="1.0" encoding="UTF-8"?><collection xmlns="http://www.loc.gov/MARC21/slim"><record><leader>00460nam--2200133-i-4500</leader><controlfield tag="001">000022518</controlfield><controlfield tag="002">20161230</controlfield><controlfield tag="005">20170129223658</controlfield><controlfield tag="008">060222s1000------------r-----000-0-eng-d</controlfield><datafield ind1=" " ind2=" " tag="245"><subfield code="a">Indrumar pentru organizarea laboratoarelor metrologice si a atelierelor pentru intretinerea si repararea mijloacelor de masurare din organizatiile socialiste. Editie oficiala</subfield></datafield><datafield ind1=" " ind2=" " tag="260"><subfield code="a">Bucuresti</subfield><subfield code="b">Esip</subfield><subfield code="c">1966</subfield></datafield><datafield ind1=" " ind2=" " tag="300"><subfield code="a">105 p</subfield></datafield><datafield ind1=" " ind2=" " tag="852"><subfield code="a">24218</subfield></datafield><datafield ind1=" " ind2=" " tag="CAT"><subfield code="a">SYS</subfield><subfield code="c">20170129</subfield><subfield code="h">223658</subfield></datafield></record></collection>